% This file was created with JabRef 2.10.
% Encoding: MacRoman


@Article{Blakeslee1991,
  Title                    = {High-frequency site effects at two Parkfield downhole and surface stations},
  Author                   = {Blakeslee, Sam and Malin, Peter},
  Journal                  = {Bulletin of the Seismological Society of America},
  Year                     = {1991},
  Number                   = {2},
  Pages                    = {332--345},
  Volume                   = {81},

  Owner                    = {naeem},
  Publisher                = {Seismological Society of America},
  Timestamp                = {2016.07.02}
}

@Article{Boore2007,
  Title                    = {Some thoughts on relating density to velocity},
  Author                   = {Boore, David M},
  Journal                  = {Notes on personal web, not published},
  Year                     = {2007},

  Owner                    = {naeem},
  Timestamp                = {2016.07.02}
}

@Article{Bradley2011,
  Title                    = {A framework for validation of seismic response analyses using seismometer array recordings},
  Author                   = {Bradley, Brendon A},
  Journal                  = {Soil Dynamics and Earthquake Engineering},
  Year                     = {2011},
  Number                   = {3},
  Pages                    = {512--520},
  Volume                   = {31},
  Owner                    = {naeem},
  Publisher                = {Elsevier},
  Timestamp                = {2016.07.03}
}

@Book{Darendeli2001,
  Title                    = {Development of a new family of normalized modulus reduction and material damping curves},
  Author                   = {Darendeli, Mehmet Baris},
  Year                     = {2001},
  Owner                    = {naeem},
  Timestamp                = {2016.07.03}
}

@Article{Fukushima1992,
  Title                    = {Measurement of Q- 1 for S waves in mudstone at Chikura, Japan: Comparison of incident and reflected phases in borehole seismograms},
  Author                   = {Fukushima, Yoshimitsu and Kinoshita, Shigeo and Sato, Haruo},
  Journal                  = {Bulletin of the Seismological Society of America},
  Year                     = {1992},
  Number                   = {1},
  Pages                    = {148--163},
  Volume                   = {82},

  Owner                    = {naeem},
  Publisher                = {Seismological Society of America},
  Timestamp                = {2016.07.02}
}

@Article{Hashash2002,
  Title                    = {Viscous damping formulation and high frequency motion propagation in non-linear site response analysis},
  Author                   = {Hashash, Youssef MA and Park, Duhee},
  Journal                  = {Soil Dynamics and Earthquake Engineering},
  Year                     = {2002},
  Number                   = {7},
  Pages                    = {611--624},
  Volume                   = {22},
  Owner                    = {naeem},
  Publisher                = {Elsevier},
  Timestamp                = {2016.07.03}
}

@Article{Haskell1953,
  Title                    = {The dispersion of surface waves on multilayered media},
  Author                   = {Haskell, Norman A},
  Journal                  = {Bulletin of the seismological Society of America},
  Year                     = {1953},
  Number                   = {1},
  Pages                    = {17--34},
  Volume                   = {43},

  Owner                    = {naeem},
  Publisher                = {Seismological Society of America},
  Timestamp                = {2016.07.02}
}

@Article{Idriss1970,
  Title                    = {Soil moduli and damping factors for dynamic response analysis},
  Author                   = {Idriss, IM and Seed, HB},
  Journal                  = {Report EERC},
  Year                     = {1970},
  Number                   = {10},
  Volume                   = {70},
  Owner                    = {naeem},
  Timestamp                = {2016.07.03}
}

@Article{Ishibashi1993,
  Title                    = {Unified dynamic shear moduli and damping patios of sand and clay.},
  Author                   = {Ishibashi, Isao and Zhang, Xinjian},
  Journal                  = { },
  Year                     = {1993},
  Number                   = {1},
  Pages                    = {182--191},
  Volume                   = {33},
  Owner                    = {naeem},
  Publisher                = {The Japanese Geotechnical Society},
  Timestamp                = {2016.07.03}
}

@Article{Kaklamanos2013,
  Title                    = {Critical Parameters Affecting Bias and Variability in Site-Response Analyses Using KiK-net Downhole Array Data},
  Author                   = {Kaklamanos, James and Bradley, Brendon A and Thompson, Eric M and Baise, Laurie G},
  Journal                  = {Bulletin of the Seismological Society of America},
  Year                     = {2013},
  Number                   = {3},
  Pages                    = {1733--1749},
  Volume                   = {103},
  Owner                    = {naeem},
  Publisher                = {Seismological Society of America},
  Timestamp                = {2016.07.02}
}

@Article{Kausel2002,
  Title                    = {Seismic simulation of inelastic soils via frequency-dependent moduli and damping},
  Author                   = {Kausel, Eduardo and Assimaki, Dominic},
  Journal                  = {Journal of Engineering Mechanics},
  Year                     = {2002},
  Number                   = {1},
  Pages                    = {34--47},
  Volume                   = {128},

  Owner                    = {naeem},
  Publisher                = {American Society of Civil Engineers},
  Timestamp                = {2016.07.02}
}

@Book{Kramer1996,
  Title                    = {Geotechnical earthquake engineering},
  Author                   = {Kramer, Steven L},
  Publisher                = {Pearson Education India},
  Year                     = {1996},
  Owner                    = {naeem},
  Timestamp                = {2016.07.03}
}

@Article{Kwok2008,
  Title                    = {Nonlinear ground-response analysis of Turkey flat shallow stiff-soil site to strong ground motion},
  Author                   = {Kwok, Annie OL and Stewart, Jonathan P and Hashash, Youssef MA},
  Journal                  = {Bulletin of the Seismological Society of America},
  Year                     = {2008},
  Number                   = {1},
  Pages                    = {331--343},
  Volume                   = {98},

  Owner                    = {naeem},
  Publisher                = {Seismological Society of America},
  Timestamp                = {2016.07.02}
}

@Article{Park2008,
  Title                    = {Rate-dependent soil behavior in seismic site response analysis},
  Author                   = {Park, Duhee and Hashash, Youssef MA},
  Journal                  = {Canadian Geotechnical Journal},
  Year                     = {2008},
  Number                   = {4},
  Pages                    = {454--469},
  Volume                   = {45},

  Owner                    = {naeem},
  Publisher                = {NRC Research Press},
  Timestamp                = {2016.07.02}
}

@Book{Pinheiro2006,
  Title                    = {Mixed-effects models in S and S-PLUS},
  Author                   = {Pinheiro, Jose and Bates, Douglas},
  Publisher                = {Springer Science \& Business Media},
  Year                     = {2006},

  __markedentry            = {[naeem:6]},
  Owner                    = {naeem},
  Timestamp                = {2016.07.03}
}

@Manual{Schnabel1972,
  Title                    = {SHAKE--A computer program for response analysis of horizontally layered sites, Report No. EERC 72-12},
  Author                   = {Schnabel, PB and Lysmer, J and Seed, HB},
  Year                     = {1972},
  Journal                  = {Univ. of California at Berkeley},
  Owner                    = {naeem},
  Timestamp                = {2016.07.03}
}

@Article{Steidl1996,
  Title                    = {What is a reference site?},
  Author                   = {Steidl, Jamison H and Tumarkin, Alexei G and Archuleta, Ralph J},
  Journal                  = {Bulletin of the Seismological Society of America},
  Year                     = {1996},
  Number                   = {6},
  Pages                    = {1733--1748},
  Volume                   = {86},
  Owner                    = {naeem},
  Publisher                = {Seismological Society of America},
  Timestamp                = {2016.07.02}
}

@Article{Stewart2008,
  Title                    = {Nonlinear seismic ground response analysis: Code usage protocols and verification against vertical array data},
  Author                   = {Stewart, Jonathan P and Kwok, Annie OL},
  Journal                  = {Geotechnical Engineering and Soil Dynamics IV, ASCE Geotechnical Special Publication No. 181},
  Year                     = {2008},
  Volume                   = {181},
  Owner                    = {naeem},
  Publisher                = {ASCE},
  Timestamp                = {2016.07.03}
}

@Article{Thompson2012,
  Title                    = {A taxonomy of site response complexity},
  Author                   = {Thompson, Eric M and Baise, Laurie G and Tanaka, Yasuo and Kayen, Robert E},
  Journal                  = {Soil Dynamics and Earthquake Engineering},
  Year                     = {2012},
  Pages                    = {32--43},
  Volume                   = {41},

  Owner                    = {naeem},
  Publisher                = {Elsevier},
  Timestamp                = {2016.07.02}
}

@Article{Thomson1950,
  Title                    = {Transmission of elastic waves through a stratified solid medium},
  Author                   = {Thomson, William T},
  Journal                  = {Journal of applied Physics},
  Year                     = {1950},
  Number                   = {2},
  Pages                    = {89--93},
  Volume                   = {21},

  Owner                    = {naeem},
  Publisher                = {AIP Publishing},
  Timestamp                = {2016.07.02}
}

@Article{Vucetic1991,
  Title                    = {Effect of soil plasticity on cyclic response},
  Author                   = {Vucetic, Mladen and Dobry, Ricardo},
  Journal                  = {Journal of geotechnical engineering},
  Year                     = {1991},
  Number                   = {1},
  Pages                    = {89--107},
  Volume                   = {117},
  Owner                    = {naeem},
  Publisher                = {American Society of Civil Engineers},
  Timestamp                = {2016.07.03}
}

@Article{Yoshida2002,
  Title                    = {Equivalent linear method considering frequency dependent characteristics of stiffness and damping},
  Author                   = {Yoshida, Nozomu and Kobayashi, Satoshi and Suetomi, Iwao and Miura, Kinya},
  Journal                  = {Soil Dynamics and Earthquake Engineering},
  Year                     = {2002},
  Number                   = {3},
  Pages                    = {205--222},
  Volume                   = {22},

  Owner                    = {naeem},
  Publisher                = {Elsevier},
  Timestamp                = {2016.07.02}
}

@Article{Zhang2005,
  Title                    = {Normalized shear modulus and material damping ratio relationships},
  Author                   = {Zhang, Jianfeng and Andrus, Ronald D and Juang, C Hsein},
  Journal                  = {Journal of Geotechnical and Geoenvironmental Engineering},
  Year                     = {2005},
  Number                   = {4},
  Pages                    = {453--464},
  Volume                   = {131},

  __markedentry            = {[naeem:]},
  Owner                    = {naeem},
  Publisher                = {American Society of Civil Engineers},
  Timestamp                = {2016.07.03}
}

